@inproceedings{10228982,
  author    = {Wang, En and Liu, Weiting and Liu, Wenbin and Xiang, Chaocan and Yang, Bo and Yang, Yongjian},
  booktitle = {IEEE INFOCOM 2023 - IEEE Conference on Computer Communications},
  title     = {Spatiotemporal Transformer for Data Inference and Long Prediction in Sparse Mobile CrowdSensing},
  year      = {2023},
  volume    = {},
  number    = {},
  pages     = {1-10},
  doi       = {10.1109/INFOCOM53939.2023.10228982}
}
